@book{expressinaction,
author 		= "{Hahn, Evan M.}",
title		= {Express in Action, Writing, building, and testing Node.js applications},
year		= {2016},
publisher 	= {Manning Publications},
address 	= {Shelter Island, NY, USA},
isbn		= {9781617292422}
}

@online{apple2017a,
author 	= "{Apple, Inc.}",
title 	= {Getting Started},
year 	= {2017},
url 	= {https://swift.org/getting-started/#installing-swift},
urldate = {2017-07-26}
}

@online{jetbrain,
author 	= "{JetBrain s.r.o.}",
title 	= {CLion, A cross-platform IDE for C and C++},
year 	= {2017},
url 	= {https://www.jetbrains.com/clion/},
urldate = {2017-07-28}
}

@online{expressjs,
author 	= "{StrongLoop, Inc./IBM}",
title 	= {Express - Schnelles, offenes, unkompliziertes Web-Framework f√ºr Node.js},
year	={o.J.a},
url 	= {https://expressjs.com/de/},
urldate = {2017-07-29}
}

@online{loopback,
author 	= "{StrongLoop, Inc./IBM}",
title 	= {LoopBack - The Node.js API Framework},
year	= {o.J.b},
url 	= {http://loopback.io/},
urldate = {2017-07-29}
}

@online{clang,
author 	= "{LLVM Foundation}",
title 	= {clang: a C language family frontend for LLVM},
year	= {o.J.},
url 	= {https://clang.llvm.org/index.html},
urldate = {2017-07-29}
}

@online{llvm,
author 	= "{LLVM Foundation}",
title 	= {The LLVM Compiler Infrastructure},
year	= {2017},
url 	= {https://llvm.org/},
urldate = {2017-07-29}
}

@online{llvmpublic,
author 	= "{Lattner, Chris}",
title 	= {Introduction to the LLVM Compiler System},
year	= {2008},
url 	= {https://llvm.org/pubs/2008-10-04-ACAT-LLVM-Intro.pdf},
urldate = {2017-07-29}
}

@online{swiftcompiler,
author 	= "{Swift.org}",
title 	= {Compiler Architecture},
year	= {2017},
url 	= {https://swift.org/compiler-stdlib/#compiler-architecture},
urldate = {29-07-2017}
}

@online{swiftbibliothek,
author 	= "{Swift.org}",
title 	= {Standard Library Design},
year	= {2017},
url 	= {https://swift.org/compiler-stdlib/#standard-library-design},
urldate = {29-07-2017}
}

@online{swiftcore,
author 	= "{Swift.org}",
title 	= {Swift Core Libraries},
year	= {2017},
url 	= {https://swift.org/core-libraries/#foundation},
urldate = {29-07-2017}
}

@online{swiftdebugger,
author 	= "{Swift.org}",
title 	= {REPL and Debugger},
year	= {2017},
url 	= {https://swift.org/lldb/#why-combine-the-repl-and-debugger},
urldate = {29-07-2017}
}

@online{swiftpm,
author 	= "{Swift.org}",
title 	= {Package Manager},
year	= {2017},
url 	= {https://swift.org/package-manager/},
urldate = {29-07-2017}
}

@online{socketio,
author 	= "{Socket.IO}",
title 	= {How to user - Using with Express 3/4},
year	= {o.J.},
url 	= {https://socket.io/docs/#},
urldate = {30-07-2017}
}

@online{winston,
author 	= "{Robinson, Charlie / Bergman, Matthew / Squires, Marak}",
title 	= {winston},
year	= {2017-05-02},
url 	= {https://github.com/winstonjs/winston#logging-levels},
urldate = {30-07-2017}
}